<collection xmlns="http://www.loc.gov/MARC21/slim">
<record>
  <leader>01428cam a2200313 a 4500</leader>
  <controlfield tag="001">2</controlfield>
  <controlfield tag="005">20060629073726.0</controlfield>
  <controlfield tag="007">cr |||||||||||</controlfield>
  <controlfield tag="008">990629s1900    maua          000 1 eng  </controlfield>
  <datafield tag="906" ind1=" " ind2=" ">
    <subfield code="a">7</subfield>
    <subfield code="b">ibc</subfield>
    <subfield code="c">orignew</subfield>
    <subfield code="d">u</subfield>
    <subfield code="e">ocip</subfield>
    <subfield code="f">19</subfield>
    <subfield code="g">y-gencatlg</subfield>
  </datafield>
  <datafield tag="955" ind1=" " ind2=" ">
    <subfield code="a">NEW INPUT vj36 06-29-99</subfield>
    <subfield code="e">vj05 2002-04-03</subfield>
  </datafield>
  <datafield tag="035" ind1=" " ind2=" ">
    <subfield code="9">(DLC)   00002266</subfield>
  </datafield>
  <datafield tag="010" ind1=" " ind2=" ">
    <subfield code="a">   00002266 </subfield>
  </datafield>
  <datafield tag="040" ind1=" " ind2=" ">
    <subfield code="a">DLC</subfield>
    <subfield code="c">DLC</subfield>
    <subfield code="d">DLC</subfield>
  </datafield>
  <datafield tag="050" ind1="0" ind2="0">
    <subfield code="a">PZ3.L846</subfield>
    <subfield code="b">So</subfield>
  </datafield>
  <datafield tag="051" ind1=" " ind2=" ">
    <subfield code="a">PS3523.O46</subfield>
    <subfield code="b">S72 1900</subfield>
  </datafield>
  <datafield tag="100" ind1="1" ind2=" ">
    <subfield code="a">London, Jack,</subfield>
    <subfield code="d">1876-1916.</subfield>
  </datafield>
  <datafield tag="245" ind1="1" ind2="4">
    <subfield code="a">The son of the wolf :</subfield>
    <subfield code="b">tales of the far North /</subfield>
    <subfield code="c">by Jack London.</subfield>
  </datafield>
  <datafield tag="246" ind1="3" ind2="0">
    <subfield code="a">Tales of the far North</subfield>
  </datafield>
  <datafield tag="260" ind1=" " ind2=" ">
    <subfield code="a">Boston :</subfield>
    <subfield code="b">Houghton, Mifflin,</subfield>
    <subfield code="c">1900.</subfield>
  </datafield>
  <datafield tag="300" ind1=" " ind2=" ">
    <subfield code="a">251 p. :</subfield>
    <subfield code="b">1 ill. ;</subfield>
    <subfield code="c">20 cm.</subfield>
  </datafield>
  <datafield tag="500" ind1=" " ind2=" ">
    <subfield code="a">These tales appeared previously in the Overland monthly, 1899, and the Atlantic monthly.</subfield>
  </datafield>
  <datafield tag="505" ind1="0" ind2=" ">
    <subfield code="a">The white silence -- The son of the wolf -- The men of Forty-Mile -- In a far country -- To the man on trail -- The priestly prerogative -- The wisdom of the trail -- The wife of a king -- An odyssey of the North.</subfield>
  </datafield>
  <datafield tag="530" ind1=" " ind2=" ">
    <subfield code="a">Also available in digital form on the Library of Congress Web site.</subfield>
  </datafield>
  <datafield tag="856" ind1="4" ind2="1">
    <subfield code="d">mtfrb</subfield>
    <subfield code="f">02266</subfield>
    <subfield code="q">h</subfield>
    <subfield code="u">http://hdl.loc.gov/loc.rbc/mtfrb.02266</subfield>
  </datafield>
  <datafield tag="859" ind1="4" ind2="2">
    <subfield code="3">Meeting of Frontiers: Siberia, Alaska, and the American West - &quot;Rare Book Collections&quot; Collection Description</subfield>
    <subfield code="u">http://hdl.loc.gov/loc.eur/mtfhtml.0054</subfield>
  </datafield>
  <datafield tag="984" ind1=" " ind2=" ">
    <subfield code="a">gsl</subfield>
  </datafield>
  <datafield tag="985" ind1=" " ind2=" ">
    <subfield code="a">mtfront/mtfrb/tx</subfield>
    <subfield code="e">intldl</subfield>
  </datafield>
  <datafield tag="985" ind1=" " ind2=" ">
    <subfield code="a">pmpull</subfield>
    <subfield code="e">intldl</subfield>
  </datafield>
</record>