
<record>
  <leader>00757cam a22002171  4500</leader>
  <controlfield tag="001">3</controlfield>
  <controlfield tag="005">20080606094929.0</controlfield>
  <controlfield tag="008">980227s1900    iluc          000 0 eng  </controlfield>
  <datafield tag="035" ind1=" " ind2=" ">
    <subfield code="9">(DLC)   00004790</subfield>
  </datafield>
  <datafield tag="906" ind1=" " ind2=" ">
    <subfield code="a">0</subfield>
    <subfield code="b">ibc</subfield>
    <subfield code="c">orignew</subfield>
    <subfield code="d">3</subfield>
    <subfield code="e">ocip</subfield>
    <subfield code="f">19</subfield>
    <subfield code="g">y-gencatlg</subfield>
  </datafield>
  <datafield tag="955" ind1=" " ind2=" ">
    <subfield code="a">jd99 02-27-98</subfield>
  </datafield>
  <datafield tag="010" ind1=" " ind2=" ">
    <subfield code="a">   00004790 </subfield>
  </datafield>
  <datafield tag="040" ind1=" " ind2=" ">
    <subfield code="a">DLC</subfield>
    <subfield code="c">DLC</subfield>
  </datafield>
  <datafield tag="050" ind1="0" ind2="0">
    <subfield code="a">PG3385</subfield>
    <subfield code="b">.S85</subfield>
  </datafield>
  <datafield tag="100" ind1="1" ind2=" ">
    <subfield code="a">Stockham, Alice B.</subfield>
    <subfield code="q">(Alice Bunker),</subfield>
    <subfield code="d">1833-1912.</subfield>
  </datafield>
  <datafield tag="245" ind1="1" ind2="0">
    <subfield code="a">Tolstoi, a man of peace,</subfield>
    <subfield code="c">by Alice B. Stockham. The new spirit by H. Havelock Ellis.</subfield>
  </datafield>
  <datafield tag="260" ind1=" " ind2=" ">
    <subfield code="a">Chicago,</subfield>
    <subfield code="b">A.B. Stockham,</subfield>
    <subfield code="c">[1900]</subfield>
  </datafield>
  <datafield tag="300" ind1=" " ind2=" ">
    <subfield code="a">140 p.</subfield>
    <subfield code="b">ports.</subfield>
    <subfield code="c">18 cm.</subfield>
  </datafield>
  <datafield tag="500" ind1=" " ind2=" ">
    <subfield code="a">&quot;The new spirit&quot; (p. [85]-140) has special t.-p.</subfield>
  </datafield>
  <datafield tag="600" ind1="1" ind2="0">
    <subfield code="a">Tolstoy, Leo,</subfield>
    <subfield code="c">graf,</subfield>
    <subfield code="d">1828-1910.</subfield>
  </datafield>
  <datafield tag="700" ind1="1" ind2="2">
    <subfield code="a">Ellis, Havelock,</subfield>
    <subfield code="d">1859-1939.</subfield>
    <subfield code="t">New spirit.</subfield>
    <subfield code="f">1900.</subfield>
  </datafield>
</record>
</collection>
